@article{Heron,
      author = {J.E. Thompson.},
      title = {Calculus for the Practical Man},
      year = {2008},
      journal= {Thompson Press}
      }